

@misc{math,
    author = "{J.R. QUINLAN}",
    title = "Induction of Decision Trees",
    year = "1985",
    url = "https://link.springer.com/content/pdf/10.1007\%2FBF00116251.pdf",
    note = "[Online; accessed 07.11.2018]"
  }



@misc{ wiki,
    author = "{University of Nebraska Medical Center}",
    title = "The Area Under an ROC Curve",
    year = "2018",
    url = "http://gim.unmc.edu/dxtests/roc3.htm",
    note = "[Online; accessed 06.11.2018]"
  }
  
  
 @misc{ wikicoef,
    author = "{Troy Walters}",
    title = "Logistic Regression and ROC Curve Primer",
    year = "2018",
    url = "https://www.kaggle.com/captcalculator/logistic-regression-and-roc-curve-primer",
    note = "[Online; accessed 07.11.2018]"
  }
  

@misc{cornel,
    author = "{Josh Gordon}",
    title = "{Decision tree}",
    year = "2017",
    url = "https://github.com/random-forests/tutorials/blob/master/decision_tree.ipynb",
    note = "[Online; accessed 04.11.2018]"
  }
  
  @misc{cornel2,
    author = "{Kriegel, Hans-Peter; Schubert, Erich; Zimek, Arthur}",
    title = "{(2016). "The (black) art of runtime evaluation: Are we comparing algorithms or implementations?".}",
    year = "2016",
    note = "DOI:10.1007/s10115-016-1004-2"
  }




@book{Dustyphil, 
	place={Birmingham}, 
	edition={Third}, 
	title={Python 3 Object-Oriented Programming}, 
	publisher={Packt Publishing Ltd.}, 
	author={Dusty, Phillips}, 
	year={October 2018}
	}