

@misc{math,
    author = "{J.R. QUINLAN}",
    title = "Induction of Decision Trees",
    year = "1985",
    url = "https://link.springer.com/content/pdf/10.1007\%2FBF00116251.pdf",
    note = "[Online; accessed 07.11.2018]"
  }



@misc{wiki,
    author = "{Wikipedia, the free encyclopedia}",
    title = "Spatial\_anti-aliasing",
    year = "2019",
    url = "https://en.wikipedia.org/wiki/Spatial\_anti-aliasing",
    note = "[Online; accessed 12.03.2019]"
  }
  
  
 @misc{ wikicoef,
    author = "{Troy Walters}",
    title = "Logistic Regression and ROC Curve Primer",
    year = "2018",
    url = "https://www.kaggle.com/captcalculator/logistic-regression-and-roc-curve-primer",
    note = "[Online; accessed 07.11.2018]"
  }
  

@misc{cornel,
    author = "{Josh Gordon}",
    title = "{Decision tree}",
    year = "2017",
    url = "https://github.com/random-forests/tutorials/blob/master/decision_tree.ipynb",
    note = "[Online; accessed 04.11.2018]"
  }
  
  @misc{cornel2,
    author = "{Kriegel, Hans-Peter; Schubert, Erich; Zimek, Arthur}",
    title = "{(2016). "The (black) art of runtime evaluation: Are we comparing algorithms or implementations?".}",
    year = "2016",
    note = "DOI:10.1007/s10115-016-1004-2"
  }




@book{dip, 
	place={New york}, 
	edition={Fourth}, 
	title={Digital Image Processing}, 
	publisher={Pearson}, 
	author={Rafael C. Gonzales, Richard E. Woods}, 
	year={2018}
	}